<record>
<datafield tag="022" ind1=" " ind2=" ">
  <subfield code="a">0550-3213</subfield>
</datafield>
<datafield tag="024" ind1="7" ind2=" ">
  <subfield code="a">10.1016/j.nuclphysb.2015.07.011</subfield>
  <subfield code="2">DOI</subfield>
  <subfield code="t">2015-07-16T14:09:31Z</subfield>
</datafield>
<datafield tag="100" ind1=" " ind2=" ">
  <subfield code="a">Cveti\xc4\x8d, Mirjam</subfield>
  <subfield code="v">Department of Physics and Astronomy, University of Pennsylvania, Philadelphia, PA, 19104-6396, USA</subfield>
  <subfield code="m">cvetic@cvetic.hep.upenn.edu</subfield>
</datafield>
<datafield tag="245" ind1=" " ind2=" ">
  <subfield code="a">F-theory vacua with Z3 gauge symmetry</subfield>
</datafield>
<datafield tag="260" ind1=" " ind2=" ">
  <subfield code="c">2015-07-22</subfield>
  <subfield code="b">Elsevier</subfield>
</datafield>
<datafield tag="520" ind1=" " ind2=" ">
  <subfield code="a">Discrete gauge groups naturally arise in F-theory compactifications on genus-one fibered Calabi\xe2\x80\x93Yau manifolds. Such geometries appear in families that are parameterized by the Tate\xe2\x80\x93Shafarevich group of the genus-one fibration. While the F-theory compactification on any element of this family gives rise to the same physics, the corresponding M-theory compactifications on these geometries differ and are obtained by a fluxed circle reduction of the former. In this note, we focus on an element of order three in the Tate\xe2\x80\x93Shafarevich group of the general cubic. We discuss how the different M-theory vacua and the associated discrete gauge groups can be obtained by Higgsing of a pair of five-dimensional U(1) symmetries. The Higgs fields arise from vanishing cycles in I2 -fibers that appear at certain codimension two loci in the base. We explicitly identify all three curves that give rise to the corresponding Higgs fields. In this analysis the investigation of different resolved phases of the underlying geometry plays a crucial r\xc3\xb4le.</subfield>
  <subfield code="9">Elsevier</subfield>
</datafield>
<datafield tag="540" ind1=" " ind2=" ">
  <subfield code="a">CC-BY-3.0</subfield>
  <subfield code="u">http://creativecommons.org/licenses/by/3.0/</subfield>
</datafield>
<datafield tag="700" ind1=" " ind2=" ">
  <subfield code="a">Donagi, Ron</subfield>
  <subfield code="v">Department of Physics and Astronomy, University of Pennsylvania, Philadelphia, PA, 19104-6396, USA</subfield>
  <subfield code="v">Department of Mathematics, University of Pennsylvania, Philadelphia, PA, 19104-6396, USA</subfield>
  <subfield code="m">donagi@math.upenn.edu</subfield>
</datafield>
<datafield tag="700" ind1=" " ind2=" ">
  <subfield code="a">Klevers, Denis</subfield>
  <subfield code="v">Theory Group, Physics Department, CERN, Geneva 23, CH-1211, Switzerland</subfield>
  <subfield code="m">Denis.Klevers@cern.ch</subfield>
</datafield>
<datafield tag="700" ind1=" " ind2=" ">
  <subfield code="a">Piragua, Hernan</subfield>
  <subfield code="v">Department of Physics and Astronomy, University of Pennsylvania, Philadelphia, PA, 19104-6396, USA</subfield>
  <subfield code="m">hpiragua@sas.upenn.edu</subfield>
</datafield>
<datafield tag="700" ind1=" " ind2=" ">
  <subfield code="a">Poretschkin, Maximilian</subfield>
  <subfield code="v">Department of Physics and Astronomy, University of Pennsylvania, Philadelphia, PA, 19104-6396, USA</subfield>
  <subfield code="m">mporet@sas.upenn.edu</subfield>
</datafield>
<datafield tag="773" ind1=" " ind2=" ">
  <subfield code="p">Nuclear Physics B</subfield>
  <subfield code="y">2015</subfield>
</datafield>
</record>